%YAML 1.1
%TAG !u! tag:unity3d.com,2011:
--- !u!1 &2211783993831810007
GameObject:
  m_ObjectHideFlags: 0
  m_CorrespondingSourceObject: {fileID: 0}
  m_PrefabInstance: {fileID: 0}
  m_PrefabAsset: {fileID: 0}
  serializedVersion: 6
  m_Component:
  - component: {fileID: 1661937547601208840}
  - component: {fileID: 5065933010633681074}
  m_Layer: 0
  m_Name: HANDL2
  m_TagString: Untagged
  m_Icon: {fileID: 0}
  m_NavMeshLayer: 0
  m_StaticEditorFlags: 0
  m_IsActive: 1
--- !u!4 &1661937547601208840
Transform:
  m_ObjectHideFlags: 0
  m_CorrespondingSourceObject: {fileID: 0}
  m_PrefabInstance: {fileID: 0}
  m_PrefabAsset: {fileID: 0}
  m_GameObject: {fileID: 2211783993831810007}
  m_LocalRotation: {x: 0.055238813, y: -0.53074104, z: 0.4707623, w: 0.70259917}
  m_LocalPosition: {x: -0.513, y: 1.6990002, z: -0.018999912}
  m_LocalScale: {x: 1, y: 1, z: 1}
  m_Children: []
  m_Father: {fileID: 2012741984838328208}
  m_RootOrder: 4
  m_LocalEulerAnglesHint: {x: 35.263, y: -58.179, z: 47.592}
--- !u!65 &5065933010633681074
BoxCollider:
  m_ObjectHideFlags: 0
  m_CorrespondingSourceObject: {fileID: 0}
  m_PrefabInstance: {fileID: 0}
  m_PrefabAsset: {fileID: 0}
  m_GameObject: {fileID: 2211783993831810007}
  m_Material: {fileID: 13400000, guid: f02411f4bf1874d6bab36c5155bfad6f, type: 2}
  m_IsTrigger: 0
  m_Enabled: 1
  serializedVersion: 2
  m_Size: {x: 0.30683392, y: 0.7515292, z: 0.22075395}
  m_Center: {x: 0.14158289, y: -0.044895723, z: 0.004784373}
--- !u!1 &2984538746782894934
GameObject:
  m_ObjectHideFlags: 0
  m_CorrespondingSourceObject: {fileID: 0}
  m_PrefabInstance: {fileID: 0}
  m_PrefabAsset: {fileID: 0}
  serializedVersion: 6
  m_Component:
  - component: {fileID: 8736962888122364305}
  - component: {fileID: 2270519528336623210}
  m_Layer: 0
  m_Name: HEAD
  m_TagString: Untagged
  m_Icon: {fileID: 0}
  m_NavMeshLayer: 0
  m_StaticEditorFlags: 0
  m_IsActive: 1
--- !u!4 &8736962888122364305
Transform:
  m_ObjectHideFlags: 0
  m_CorrespondingSourceObject: {fileID: 0}
  m_PrefabInstance: {fileID: 0}
  m_PrefabAsset: {fileID: 0}
  m_GameObject: {fileID: 2984538746782894934}
  m_LocalRotation: {x: -0.0401218, y: -0.70795745, z: 0.04236876, w: 0.7038405}
  m_LocalPosition: {x: 0.019999975, y: 2.509, z: -0.15599997}
  m_LocalScale: {x: 1, y: 1, z: 1}
  m_Children: []
  m_Father: {fileID: 2012741984838328208}
  m_RootOrder: 0
  m_LocalEulerAnglesHint: {x: 0, y: 0, z: 0}
--- !u!65 &2270519528336623210
BoxCollider:
  m_ObjectHideFlags: 0
  m_CorrespondingSourceObject: {fileID: 0}
  m_PrefabInstance: {fileID: 0}
  m_PrefabAsset: {fileID: 0}
  m_GameObject: {fileID: 2984538746782894934}
  m_Material: {fileID: 13400000, guid: f02411f4bf1874d6bab36c5155bfad6f, type: 2}
  m_IsTrigger: 0
  m_Enabled: 1
  serializedVersion: 2
  m_Size: {x: 0.3211255, y: 0.41722837, z: 0.25009826}
  m_Center: {x: 0.13443717, y: 0.0049661826, z: 0.009972143}
--- !u!1 &4280049013734216118
GameObject:
  m_ObjectHideFlags: 0
  m_CorrespondingSourceObject: {fileID: 0}
  m_PrefabInstance: {fileID: 0}
  m_PrefabAsset: {fileID: 0}
  serializedVersion: 6
  m_Component:
  - component: {fileID: 8719033532597977391}
  - component: {fileID: 5179967536766087456}
  m_Layer: 0
  m_Name: HANDR
  m_TagString: Untagged
  m_Icon: {fileID: 0}
  m_NavMeshLayer: 0
  m_StaticEditorFlags: 0
  m_IsActive: 1
--- !u!4 &8719033532597977391
Transform:
  m_ObjectHideFlags: 0
  m_CorrespondingSourceObject: {fileID: 0}
  m_PrefabInstance: {fileID: 0}
  m_PrefabAsset: {fileID: 0}
  m_GameObject: {fileID: 4280049013734216118}
  m_LocalRotation: {x: 0.1422911, y: -0.6732318, z: 0.22306451, w: 0.6904741}
  m_LocalPosition: {x: 0.61200005, y: 1.3249999, z: -0.32699993}
  m_LocalScale: {x: 1, y: 1, z: 1}
  m_Children: []
  m_Father: {fileID: 2012741984838328208}
  m_RootOrder: 2
  m_LocalEulerAnglesHint: {x: 29.792, y: -86.497, z: 7.711}
--- !u!65 &5179967536766087456
BoxCollider:
  m_ObjectHideFlags: 0
  m_CorrespondingSourceObject: {fileID: 0}
  m_PrefabInstance: {fileID: 0}
  m_PrefabAsset: {fileID: 0}
  m_GameObject: {fileID: 4280049013734216118}
  m_Material: {fileID: 13400000, guid: f02411f4bf1874d6bab36c5155bfad6f, type: 2}
  m_IsTrigger: 0
  m_Enabled: 1
  serializedVersion: 2
  m_Size: {x: 0.29572964, y: 0.9442068, z: 0.31496173}
  m_Center: {x: 0.013880626, y: 0.05144295, z: 0.00093460985}
--- !u!1 &6066944869404663671
GameObject:
  m_ObjectHideFlags: 0
  m_CorrespondingSourceObject: {fileID: 0}
  m_PrefabInstance: {fileID: 0}
  m_PrefabAsset: {fileID: 0}
  serializedVersion: 6
  m_Component:
  - component: {fileID: 2012741984838328208}
  m_Layer: 0
  m_Name: Collider
  m_TagString: Untagged
  m_Icon: {fileID: 0}
  m_NavMeshLayer: 0
  m_StaticEditorFlags: 0
  m_IsActive: 1
--- !u!4 &2012741984838328208
Transform:
  m_ObjectHideFlags: 0
  m_CorrespondingSourceObject: {fileID: 0}
  m_PrefabInstance: {fileID: 0}
  m_PrefabAsset: {fileID: 0}
  m_GameObject: {fileID: 6066944869404663671}
  m_LocalRotation: {x: 0, y: 0, z: 0, w: 1}
  m_LocalPosition: {x: 0, y: 0, z: 0}
  m_LocalScale: {x: 1, y: 1, z: 1}
  m_Children:
  - {fileID: 8736962888122364305}
  - {fileID: 6792157977576262103}
  - {fileID: 8719033532597977391}
  - {fileID: 9195194497187853471}
  - {fileID: 1661937547601208840}
  m_Father: {fileID: 0}
  m_RootOrder: 0
  m_LocalEulerAnglesHint: {x: 0, y: 0, z: 0}
--- !u!1 &8416178922844712517
GameObject:
  m_ObjectHideFlags: 0
  m_CorrespondingSourceObject: {fileID: 0}
  m_PrefabInstance: {fileID: 0}
  m_PrefabAsset: {fileID: 0}
  serializedVersion: 6
  m_Component:
  - component: {fileID: 6792157977576262103}
  - component: {fileID: 1957321152040067358}
  m_Layer: 0
  m_Name: BODY
  m_TagString: Untagged
  m_Icon: {fileID: 0}
  m_NavMeshLayer: 0
  m_StaticEditorFlags: 0
  m_IsActive: 1
--- !u!4 &6792157977576262103
Transform:
  m_ObjectHideFlags: 0
  m_CorrespondingSourceObject: {fileID: 0}
  m_PrefabInstance: {fileID: 0}
  m_PrefabAsset: {fileID: 0}
  m_GameObject: {fileID: 8416178922844712517}
  m_LocalRotation: {x: -0.0401218, y: -0.70795745, z: 0.04236876, w: 0.7038405}
  m_LocalPosition: {x: 0.022999983, y: 1.359, z: -0.020999985}
  m_LocalScale: {x: 1, y: 1, z: 1}
  m_Children: []
  m_Father: {fileID: 2012741984838328208}
  m_RootOrder: 1
  m_LocalEulerAnglesHint: {x: 0, y: 0, z: 0}
--- !u!65 &1957321152040067358
BoxCollider:
  m_ObjectHideFlags: 0
  m_CorrespondingSourceObject: {fileID: 0}
  m_PrefabInstance: {fileID: 0}
  m_PrefabAsset: {fileID: 0}
  m_GameObject: {fileID: 8416178922844712517}
  m_Material: {fileID: 13400000, guid: f02411f4bf1874d6bab36c5155bfad6f, type: 2}
  m_IsTrigger: 0
  m_Enabled: 1
  serializedVersion: 2
  m_Size: {x: 0.59, y: 2.3475676, z: 0.7599999}
  m_Center: {x: 0.0000000018870245, y: -0.16621509, z: 0.03910952}
--- !u!1 &8884693989803830025
GameObject:
  m_ObjectHideFlags: 0
  m_CorrespondingSourceObject: {fileID: 0}
  m_PrefabInstance: {fileID: 0}
  m_PrefabAsset: {fileID: 0}
  serializedVersion: 6
  m_Component:
  - component: {fileID: 9195194497187853471}
  - component: {fileID: 7856118079663781443}
  m_Layer: 0
  m_Name: HANDL1
  m_TagString: Untagged
  m_Icon: {fileID: 0}
  m_NavMeshLayer: 0
  m_StaticEditorFlags: 0
  m_IsActive: 1
--- !u!4 &9195194497187853471
Transform:
  m_ObjectHideFlags: 0
  m_CorrespondingSourceObject: {fileID: 0}
  m_PrefabInstance: {fileID: 0}
  m_PrefabAsset: {fileID: 0}
  m_GameObject: {fileID: 8884693989803830025}
  m_LocalRotation: {x: -0.0034495313, y: 0.005905807, z: -0.40674293, w: 0.9135172}
  m_LocalPosition: {x: -0.60700005, y: 2.261, z: -0.018999912}
  m_LocalScale: {x: 1, y: 1, z: 1}
  m_Children: []
  m_Father: {fileID: 2012741984838328208}
  m_RootOrder: 3
  m_LocalEulerAnglesHint: {x: -0.086, y: 0.779, z: -48.003}
--- !u!65 &7856118079663781443
BoxCollider:
  m_ObjectHideFlags: 0
  m_CorrespondingSourceObject: {fileID: 0}
  m_PrefabInstance: {fileID: 0}
  m_PrefabAsset: {fileID: 0}
  m_GameObject: {fileID: 8884693989803830025}
  m_Material: {fileID: 13400000, guid: f02411f4bf1874d6bab36c5155bfad6f, type: 2}
  m_IsTrigger: 0
  m_Enabled: 1
  serializedVersion: 2
  m_Size: {x: 0.24893168, y: 0.5179384, z: 0.22075395}
  m_Center: {x: 0.17053415, y: 0.071899384, z: 0.004784384}
